<record><leader>00000cas a22000007a 4500</leader><controlfield tag="001">16577962</controlfield><controlfield tag="008">870828d195519uupaumr ne      0    0eng d</controlfield><datafield ind1=" " ind2=" " tag="010"><subfield code="a">sn 88079051 </subfield></datafield><datafield ind1=" " ind2=" " tag="040"><subfield code="a">NPH</subfield><subfield code="b">eng</subfield><subfield code="c">NPH</subfield><subfield code="d">OCLCQ</subfield></datafield><datafield ind1=" " ind2=" " tag="042"><subfield code="a">msc</subfield></datafield><datafield ind1="0" ind2="0" tag="245"><subfield code="a">Bucks County sentinel.</subfield></datafield><datafield ind1="1" ind2="7" tag="246"><subfield code="a">Montgomery County farmer ... Bucks County sentinel</subfield></datafield><datafield ind1=" " ind2=" " tag="260"><subfield code="a">Skippack, Pa. :</subfield><subfield code="b">Bert Shontz,</subfield><subfield code="c">1955-</subfield></datafield><datafield ind1=" " ind2=" " tag="300"><subfield code="a">v. ;</subfield><subfield code="c">58 cm.</subfield></datafield><datafield ind1=" " ind2=" " tag="310"><subfield code="a">Monthly</subfield></datafield><datafield ind1="0" ind2=" " tag="362"><subfield code="a">Vol. 1, no. 1 (May 9, 1955)-</subfield></datafield><datafield ind1=" " ind2=" " tag="500"><subfield code="a">Editors: Mrs. George Ricketts, &lt;1958&gt;.</subfield></datafield><datafield ind1=" " ind2=" " tag="752"><subfield code="a">United States</subfield><subfield code="b">Pennsylvania</subfield><subfield code="c">Montgomery</subfield><subfield code="d">Skippack.</subfield></datafield><datafield ind1="0" ind2=" " tag="775"><subfield code="t">Montgomery County farmer</subfield><subfield code="w">(DLC)sn 88079063</subfield></datafield></record>